@book{book,
author = {Comfort, W and Stelios, Negrepontis},
year = {1974},
month = {11},
pages = {},
title = {The Theory of Ultrafilters},
booktitle = {SERBIULA (sistema Librum 2.0)}
}